@misc{salsa20,
    title = {Salsa20 {S}tream {C}ipher - {W}hite {P}aper},
    author = {Daniel J. Bernstein},
    year = {2005},
    howpublished = {https://cr.yp.to/snuffle.html (last access: March 7th, 2021)},
}
